%% This BibTeX bibliography file was created using BibDesk.
%% http://bibdesk.sourceforge.net/

%% Created for Alexander Kwok at 2017-03-30 23:10:42 +1300 

%% Saved with string encoding Unicode (UTF-8) 

@misc{eplastics,
  	author = {ePlastics},
	title={Surface bonding},
	howpublished="\url{http://www.eplastics.com/plexiglass_glue}",
	note = "[Online; accessed 06-May-2017]"
}

@misc{105,
  	author = {Award Plastics},
	title={105 ACRIBOND},
	howpublished="\url{http://www.awardplastics.co.nz/shop/Plastic+Fabrication/Adhesives++Cleaners/Plastic+Glues/105+Acribond+0.5L+Tin.html}",
	note = "[Online; accessed 19-July-2015]"
}

@misc{110,
  	author = {Award Plastics},
	title={110 ACRIBOND},
	howpublished="\url{http://www.awardplastics.co.nz/shop/Plastic+Fabrication/Adhesives++Cleaners/Plastic+Glues/110+Acribond+100mL+Tube.html}",
	note = "[Online; accessed 19-July-2015]"
}

@misc{eagle,
  	author = {Autodesk},
	title={Eagle PCB design},
	howpublished="\url{https://www.autodesk.com/products/eagle/overview}",
	note = "[Online; accessed 01-June-2017]"
}

@misc{ball,
  	author = {The International Tennis Federation (ITF)},
	title={The official diameter of a tennis ball},
	howpublished="\url{http://www.itftennis.com/technical/balls/approval-tests.aspx}",
	note = "[Online; accessed 16-May-2017]"
}