%% This BibTeX bibliography file was created using BibDesk.
%% http://bibdesk.sourceforge.net/

%% Created for Alexander Kwok at 2017-03-30 23:10:42 +1300 

%% Saved with string encoding Unicode (UTF-8) 

@misc{ROS1,
  	author = {ROS},
	title={ROS Tutorial SLAM Map Building with TurtleBot},
	howpublished="\url{http://wiki.ros.org/turtlebot_navigation/Tutorials/Build%20a%20map%20with%20SLAM}",
	note = "[Online; accessed 18-Aug-2017]"
}

@misc{ROS2,
  	author = {ROS},
	title={ROS Tutorial How to use gmapping to build a map},
	howpublished="\url{http://answers.ros.org/question/117396/how-to-use-gmapping-to-build-a-map/}",
	note = "[Online; accessed 18-Aug-2017]"
}

@misc{ROS3,
  	author = {ROS},
	title={ROS Tutorial How to Build a Map Using Logged Data},
	howpublished="\url{http://wiki.ros.org/slam_gmapping/Tutorials/MappingFromLoggedData}",
	note = "[Online; accessed 18-Aug-2017]"
}

@misc{ROS4,
  	author = {ROS},
	title={ROS Tutorial How to Build a Map Using Logged Data 2},
	howpublished="\url{http://wiki.ros.org/slam_gmapping/Tutorials/MappingFromLoggedData#download}",
	note = "[Online; accessed 18-Aug-2017]"
}

@misc{ROS5,
  	author = {ROS},
	title={ROS Tutorial Setup and Configuration of the Navigation Stack on a Robot},
	howpublished="\url{http://wiki.ros.org/navigation/Tutorials/RobotSetup}",
	note = "[Online; accessed 18-Aug-2017]"
}

@misc{ROS6,
  	author = {ROS},
	title={ROS Tutorial What does tf do Why should I use tf},
	howpublished="\url{http://wiki.ros.org/tf}",
	note = "[Online; accessed 18-Aug-2017]"
}

@misc{ROS7,
  	author = {ROS},
	title={ROS Tutorial Sending Goals to the Navigation Stack},
	howpublished="\url{http://wiki.ros.org/navigation/Tutorials/SendingSimpleGoals}",
	note = "[Online; accessed 18-Aug-2017]"
}

@misc{ROS8,
  	author = {ROS},
	title={ROS Tutorial follow waypoints},
	howpublished="\url{http://wiki.ros.org/follow_waypoints}",
	note = "[Online; accessed 18-Aug-2017]"
}
@misc{ROS9,
  	author = {ROS},
	title={GitHub Repo for follow waypoints used},
	howpublished="\url{$https://github.com/danielsnider/follow_waypoints$}",
	note = "[Online; accessed 18-Aug-2017]"
}